<?xml version="1.0" encoding="UTF-8"?><collection xmlns="http://www.loc.gov/MARC21/slim"><record><leader>00728nam--2200193-i-4500</leader><controlfield tag="001">000038402</controlfield><controlfield tag="002">20161230</controlfield><controlfield tag="005">20161230201041</controlfield><controlfield tag="008">060222s1000------------r-----000-0-eng-d</controlfield><datafield ind1=" " ind2=" " tag="040"><subfield code="a">IFIN-HH</subfield></datafield><datafield ind1=" " ind2=" " tag="080"><subfield code="a">061.3(A):539.2</subfield></datafield><datafield ind1="1" ind2=" " tag="110"><subfield code="a">Societa Italiana Di Fisica</subfield></datafield><datafield ind1="1" ind2="0" tag="245"><subfield code="a">Rendiconti della scuola internazionale di fisica enrico fermi. corso xxxiv: proprieta ottiche dei solidi. the optical properties of solids. varenna sul lago di como villa monastero 28 giugno - 19 luglio 1965</subfield><subfield code="c">J. tauc</subfield></datafield><datafield ind1=" " ind2=" " tag="260"><subfield code="a">New York</subfield><subfield code="b">Academic Press</subfield><subfield code="c">1966</subfield></datafield><datafield ind1=" " ind2=" " tag="300"><subfield code="a">434P</subfield></datafield><datafield ind1=" " ind2=" " tag="490"><subfield code="a">Proceedings Og The International School Of Physics Enrico Fermi Course Xxxiv</subfield></datafield><datafield ind1="1" ind2=" " tag="700"><subfield code="a">Tauc, J</subfield></datafield><datafield ind1=" " ind2=" " tag="852"><subfield code="a">1874</subfield><subfield code="c">53</subfield></datafield><datafield ind1=" " ind2=" " tag="CAT"><subfield code="a">Sys</subfield><subfield code="c">20150106</subfield><subfield code="h">181300</subfield></datafield></record></collection>